
@article{bib1,
    Author = {F. M. Firstauthorfamilyname and
              F. M. Secondauthorfamilyname and
              C. Lastauthorfamilyname},
    Journal = {Abbreviatedjournalname},
    Title = {Title},
    Pages = {page},
    Volume = {volume},
    Year = {year}}

@article{bib2,
    Author = {F. Examplename and
              I. E. Anotherauthorname},
    Journal = {phys. stat. sol. (a)},
    Title = {Title},
    Pages = {111},
    Volume = {1},
    Year = {2050}}


@book{bib3,
    Address = {City},
    Author = {A. Firstauthorname and
              B. Secondauthorname and
              C. Thirdauthorname},
    Publisher = {Publisher},
    Series = {},
    Title = {{Here} {Goes} the {Title} of the {Book}},
    Volume = {},
    Pages = {111},
    Year = {year}}


@book{bib4,
    Address = {Berlin},
    Editor = {A. Firsteditorname and
              B. Secondeditorname and
              C. Thirdeditorname},
    Publisher = {Wiley-VCH},
    Series = {},
    Title = {{Here} {Goes} the {Title} of the {Edited} {Book}},
    Pages = {111},
    Volume = {},
    Year = {2050}}


@incollection{bib5,
    Address = {City},
    Author = {D. Contributorname},
    Editor = {{The} {Names} of the {Editors}},
    Chapter = {1},
    Publisher = {Publisher},
    Series = {{Followed} by the {Title} of the {Series} of {Books}},
    Booktitle = {The Title of the Book},
    Year = {year}}


@inproceedings{bib6,
    Address = {City},
    Author = {A. Lastbutnotleastname},
    Editor = {},
    Pages = {1--11},
    Publisher = {Publisher},
    Title = {{Proceedings} 1st {Dummy} {Conference} on {Citation} {Formatting}, {City}, {Country}, {Part A}},
    Year = {year}}
