@book{lemaitre2005engineering,
	author = {Lemaitre, J. and Desmorat, R.},
	doi = {10.1007/b138882},
	publisher = {Springer Berlin Heidelberg},
	title = {Engineering damage mechanics: ductile, creep, fatigue and brittle failures},
	year = {2005},
}
@book{sobczyk2012random,
author = {Sobczyk, K. and {Spencer Jr}, B.},
publisher = {Academic Press},
title = {{Random fatigue: from data to theory}},
year = {2012}
}
@article{wang1999technical,
author = {Wang, Q. and Berard, J. and Rathery, S. and Bathias, C.},
doi = {10.1046/j.1460-2695.1999.t01-1-00184.x},
journal = {Fatigue Fract. Eng. Mater. Struct.},
pages = {673--677},
publisher = {Wiley Online Library},
title = {{Technical note: High‐cycle fatigue crack initiation and propagation behaviour of high‐strength sprin steel wires}},
volume = {22},
year = {1999}
}
@article{deng2015grain,
author = {Deng, G and Tu, S and Zhang, X and Wang, Q and Qin, C},
doi = {10.1016/j.engfracmech.2015.01.002},
journal = {Eng. Fract. Mech.},
pages = {433--450},
publisher = {Elsevier},
title = {{Grain size effect on the small fatigue crack initiation and growth mechanisms of nickel-based superalloy GH4169}},
volume = {134},
year = {2015}
}
@article{schijve2003fatigue,
author = {Schijve, J.},
doi = {10.1023/B:MASC.0000010738.91907.a9},
journal = {Mater. Sci.},
pages = {307--333},
publisher = {Elsevier},
title = {{Fatigue of structures and materials in the 20th century and the state of the art}},
volume = {39},
year = {2003}
}
@book{schijve2001fatigue,
doi = {10.1007/978-1-4020-6808-9},
author = {Schijve, J},
publisher = {Springer Dordrecht},
title = {{Fatigue of structures and materials}},
year = {2009}
}
@inbook{chinesta_encyclo_2018,
author = {Chinesta, F and Huerta, A and Rozza, G and Willcox, K},
doi = {10.1002/9781119176817.ecm2110},
title = {Model reduction methods},
booktitle = {Encyclopedia of Computational Mechanics},
editor = {Stein, E and de Borst, R and Hughes, T},
publisher = {John Wiley {\&} Sons, Ltd},
volume = {3},
year = {2017}
}
@article{Giacoma2015,
author = {Giacoma, A. and Dureisseix, D. and Gravouil, A. and Rochette, M.},
doi = {10.1016/j.cma.2014.09.005},
journal = {Comput. Methods Appl. Mech. Eng.},
pages = {1357--1381},
publisher = {Elsevier B.V.},
title = {{Toward an optimal a priori reduced basis strategy for frictional contact problems with LATIN solver}},
volume = {283},
year = {2015}
}
@article{bha2017,
author = {Bhattacharyya, Mainak and Fau, Am{\'{e}}lie and Nackenhorst, Udo and N{\'{e}}ron, David and Ladev{\`{e}}ze, Pierre},
doi = {10.1007/s00466-017-1523-z},
journal = {Comput. Mech.},
pages = {725--743},
publisher = {Springer},
title = {{A LATIN-based model reduction approach for the simulation of cycling damage}},
volume = {62},
year = {2017}
}
@article{Niroomandi_2013,
author = {Niroomandi, S. and Gonz{\'{a}}lez, D. and Alfaro, I. and Bordeu, F. and Leygue, A. and Cueto, E. and Chinesta, F.},
doi = {10.1002/cnm.2544},
journal = {Int. J. Numer. Method. Biomed. Eng.},
pages = {586--600},
title = {{Real-time simulation of biological soft tissues: a PGD approach}},
volume = {29},
year = {2013}
}
@article{Heyberger2013b,
author = {Heyberger, C and Boucard, P. and N{\'{e}}ron, D.},
doi = {10.1016/j.cma.2013.03.002},
journal = {Comput. Methods Appl. Mech. Eng.},
pages = {40--49},
publisher = {Elsevier B.V.},
title = {{A rational strategy for the resolution of parametrized problems in the PGD framework}},
volume = {259},
year = {2013}
}
@article{bha2018temporal,
author = {Bhattacharyya, Mainak and Fau, Am{\'{e}}lie and Nackenhorst, Udo and N{\'{e}}ron, David and Ladev{\`{e}}ze, Pierre},
doi = {10.1016/j.cma.2018.06.004},
journal = {Comput. Methods Appl. Mech. Eng.},
pages = {630--656},
publisher = {Elsevier},
title = {{A multi-temporal scale model reduction approach for the computation of fatigue damage}},
volume = {340},
year = {2018}
}
@article{neuber,
author = {Neuber, H.},
doi = {10.1115/1.3641780},
journal = {J. Appl. Mech.},
pages = {544--550},
title = {{Theory of stress concentration for shear-strained prismatical bodies with arbitrary nonlinear stress--strain law}},
volume = {28},
year = {1961}
}
@article{desmorat_energetic,
author = {Desmorat, R.},
doi = {10.1016/S0020-7683(02)00002-1},
journal = {Int. J. Solids Struct.},
pages = {3289--3310},
title = {{Fast estimation of localized plasticity and damage by energetic methods}},
volume = {39},
year = {2002}
}
@article{maitournam2002determination,
doi = {10.1016/S1631-0721(02)01516-4},
author = {Maitournam, M and Pommier, B and Thomas, J},
journal = {CR. M{\'{e}}canique},
pages = {703--708},
publisher = {Elsevier},
french_title = {{D{\'{e}}termination de la r{\'{e}}ponse asymptotique d'une structure an{\'{e}}lastique sous chargement thermom{\'{e}}canique cyclique}},
title={Determination of the asymptotic response of a structure under cyclic thermomechanical loading (in French)},
volume = {330},
year = {2002}
}
@article{zarka1981elastic,
author = {Zarka, J. and Casier, J.},
journal = {Mech. Today},
doi = {10.1016/B978-0-08-024749-6.50014-4},
pages = {93--198},
publisher = {Elsevier},
title = {{Elastic-plastic response of a structure to cyclic loading: practical rules}},
year = {1981}
}
@article{damage_90,
author = {Lemaitre, Jean and Doghri, Issam},
doi = {10.1016/0045-7825(94)90060-4},
journal = {Comput. Methods Appl. Mech. Eng.},
pages = {197--232},
title = {{Damage 90: a post processor for crack initiation}},
volume = {115},
year = {1994}
}
@article{burlon2014skipped,
author = {Burlon, S. and Mroueh, H. and Cao, J.},
doi = {10.1016/j.compgeo.2014.05.007},
journal = {Comput. Geotech.},
pages = {209--220},
publisher = {Elsevier},
title = {{Skipped cycles method for studying cyclic loading and soil-structure interface}},
volume = {61},
year = {2014}
}
@article{zerbe2016viscoelastic,
author = {Zerbe, Patrick and Schneider, Benjamin and Kaliske, Michael},
doi = {10.1002/pamm.201610195},
journal = {PAMM},
pages = {413--414},
publisher = {Wiley Online Library},
title = {{Viscoelastic-viscoplastic-damage modeling of thermoplastics under long-term cyclic loading}},
volume = {16},
year = {2016}
}
@article{fish2002computational,
author = {Fish, Jacob and Yu, Qing},
doi = {10.1016/S0045-7825(02)00401-2},
journal = {Comput. Methods Appl. Mech. Eng.},
pages = {4827--4849},
publisher = {Elsevier},
title = {{Computational mechanics of fatigue and life predictions for composite materials and structures}},
volume = {191},
year = {2002}
}
@article{oskay2004fatigue,
author = {Oskay, Caglar and Fish, Jacob},
doi = {10.1002/nme.1069},
journal = {Int. J. Numer. Methods Eng.},
pages = {329--359},
publisher = {Wiley Online Library},
title = {{Fatigue life prediction using 2-scale temporal asymptotic homogenization}},
volume = {61},
year = {2004}
}
@article{devulder2010two,
author = {Devulder, Anne and Aubry, Denis and Puel, Guillaume},
doi = {10.1007/s00466-010-0476-2},
journal = {Comput. Mech.},
pages = {637--646},
publisher = {Springer},
title = {{Two-time scale fatigue modelling: application to damage}},
volume = {45},
year = {2010}
}
@article{haouala2015modeling,
author = {Haouala, S. and Doghri, I.},
doi = {10.1016/j.ijplas.2015.03.005},
journal = {Int. J. Plast.},
pages = {98--125},
publisher = {Elsevier},
title = {{Modeling and algorithms for two-scale time homogenization of viscoelastic-viscoplastic solids under large numbers of cycles}},
volume = {70},
year = {2015}
}
@article{bhamare,
author = {Bhamare, Sagar and Eason, Thomas and Spottswood, Stephen and Mannava, Seetha and Vasudevan, Vijay and Qian, Dong},
doi = {10.1007/s00466-013-0915-y},
journal = {Comput. Mech.},
pages = {387--400},
publisher = {Springer New York},
title = {{A multi-temporal scale approach to high cycle fatigue simulation}},
volume = {53},
year = {2014}
}
@article{oden1969general,
author = {Oden, J.},
doi = {10.1002/nme.1620010209},
journal = {Int. J. Numer. Methods Eng.},
pages = {205--221},
publisher = {Wiley Online Library},
title = {{A general theory of finite elements. I. Topological considerations}},
volume = {1},
year = {1969}
}
@article{fried1969finite,
author = {Fried, I.},
doi = {10.2514/3.5299},
journal = {AIAA J.},
pages = {1170--1173},
title = {{Finite-element analysis of time-dependent phenomena.}},
volume = {7},
year = {1969}
}
@article{argyris1969finite,
author = {Argyris, J. and Scharpf, D.},
doi = {10.1017/S0001924000051198},
journal = {Aeronaut. J.},
pages = {1041--1044},
publisher = {Cambridge University Press},
title = {{Finite Elements in Time and Space}},
volume = {73},
year = {1969}
}
@article{fritzen2018space,
author = {Fritzen, Felix and Hassani, Mohammadreza},
doi = {10.1007/s11012-017-0734-x},
journal = {Meccanica},
pages = {1333--1355},
publisher = {Springer},
title = {{Space–time model order reduction for nonlinear viscoelastic systems subjected to long-term loading}},
volume = {53},
year = {2018}
}
@article{kerfriden2011bridging,
author = {Kerfriden, P. and Gosselet, P. and Adhikari, S. and Bordas, S.P.A.},
doi = {10.1016/j.cma.2010.10.009},
journal = {Comput. Methods Appl. Mech. Eng.},
pages = {850--866},
publisher = {Elsevier},
title = {{Bridging proper orthogonal decomposition methods and augmented Newton–Krylov algorithms: an adaptive model order reduction for highly nonlinear mechanical problems}},
volume = {200},
year = {2011}
}
@article{kerfriden2012local,
author = {Kerfriden, P. and Passieux, J and Bordas, S.},
doi = {10.1002/nme.3234},
journal = {Int. J. Numer. Methods Eng.},
pages = {154--179},
publisher = {Wiley Online Library},
title = {{Local/global model order reduction strategy for the simulation of quasi-brittle fracture}},
volume = {89},
year = {2012}
}
@article{ryckelynck2005priori,
author = {Ryckelynck, David},
doi = {10.1016/j.jcp.2004.07.015},
journal = {J. Comput. Phys.},
pages = {346--366},
publisher = {Elsevier},
title = {{A priori hyperreduction method: an adaptive approach}},
volume = {202},
year = {2005}
}
@article{Ryckelynck2011,
author = {Ryckelynck, D. and {Missoum Benziane}, D. and Cartel, S. and Besson, J.},
doi = {10.1016/j.commatsci.2010.11.034},
journal = {Comput. Mater. Sci.},
pages = {1597--1605},
publisher = {Elsevier B.V.},
title = {{A robust adaptive model reduction method for damage simulations}},
volume = {50},
year = {2011}
}
@article{nasri2018proper,
author = {Nasri, M. and Robert, Camille and Ammar, Amine and {El Arem}, Saber and Morel, Franck},
doi = {10.1016/j.crme.2017.11.009},
journal = {CR. M{\'{e}}canique},
pages = {132--151},
publisher = {Elsevier},
title = {{Proper Generalized Decomposition (PGD) for the numerical simulation of polycrystalline aggregates under cyclic loading}},
volume = {346},
year = {2018}
}
@book{lad1999,
author = {Ladev{\`{e}}ze, Pierre},
doi = {10.1007/978-1-4612-1432-8},
publisher = {Springer New York},
series = {Mechanical Engineering Series},
title = {{Nonlinear Computational Structural Mechanics}},
year = {1999}
}
@article{Ladeveze2016227,
author = {Ladev{\`{e}}ze, Pierre},
doi = {10.1016/j.euromechsol.2016.08.005},
journal = {Eur. J. Mech. - A/Solids},
pages = {227--237},
title = {{On reduced models in nonlinear solid mechanics}},
volume = {60},
year = {2016}
}
@book{chinesta2014separated,
doi = {10.1007/978-3-7091-1794-1},
editor = {Chinesta, Francisco and Ladev{\`{e}}ze, Pierre},
publisher = {Springer Vienna},
series = {CISM Courses and Lectures},
title = {{Separated representations and PGD-based model reduction}},
volume = {554},
year = {2014}
}
@Inbook{Glas2017,
author = {Glas, Silke and Mayerhofer, Antonia and Urban, Karsten},
bookTitle="Model Reduction of Parametrized Systems",
doi = {10.1007/978-3-319-58786-8_1},
pages = {1--16},
publisher = {Springer Cham},
title = {{Two ways to treat time in reduced basis methods}},
volume = {17},
year = {2017}
}
@article{Relun2013,
author = {Relun, N. and N{\'{e}}ron, D. and Boucard, P.},
doi = {10.1007/s00466-012-0706-x},
journal = {Comput. Mech.},
pages = {83--92},
title = {{A model reduction technique based on the PGD for elastic-viscoplastic computational analysis}},
volume = {51},
year = {2013}
}
@article{Heyberger2012,
author = {Heyberger, Christophe and Boucard, Pierre and N{\'{e}}ron, David},
doi = {10.1007/s00466-011-0646-x},
journal = {Comput. Mech.},
pages = {277--289},
publisher = {Springer},
title = {{Multiparametric analysis within the proper generalized decomposition framework}},
volume = {49},
year = {2012}
}
@article{allix1989damage,
author = {Allix, Olivier and Ladev{\`{e}}ze, Pierre and Gilletta, Daniel and Ohayon, Roger},
doi = {10.1002/nme.1620270205},
journal = {Int. J. Numer. Methods Eng.},
pages = {271--283},
publisher = {Wiley Online Library},
title = {{A damage prediction method for composite structures}},
volume = {27},
year = {1989}
}
@article{Alameddin2017d,
author = {Alameddin, Shadi and Bhattacharyya, Mainak and Fau, Am{\'{e}}lie and Nackenhorst, Udo and N{\'{e}}ron, David and Ladev{\`{e}}ze, Pierre},
doi = {10.1002/pamm.201710085},
journal = {PAMM},
pages = {231--232},
title = {{Large time increment approach for fatigue damage computations}},
volume = {17},
year = {2017}
}
@article{Alameddin2019d,
author = {Alameddin, Shadi and Fau, Am{\'{e}}lie and N{\'{e}}ron, David and Ladev{\`{e}}ze, Pierre and Nackenhorst, Udo},
doi = {10.3390/mca24010030},
journal = {Math. Comput. Appl.},
title = {{Toward optimality of proper generalised decomposition bases}},
volume = {24},
year = {2019}
}
@manual{romfem,
author = {Alameddin, S.},
title = {{ROMFEM: A reduced order finite element framework}},
url = {https://gitlab.com/shadialameddin/romfem},
publisher = {GitLab repository},
year = {2019},
}
@article{Boisse1990,
author = {Boisse, Ph and Bussy, P. and Ladeveze, P.},
doi = {10.1002/nme.1620290312},
journal = {Int. J. Numer. Methods Eng.},
pages = {647--663},
publisher = {Wiley Online Library},
title = {{A new approach in non‐linear mechanics: the large time increment method}},
volume = {29},
year = {1990}
}
@article{Boisse1991,
author = {Boisse, P. and Ladeveze, P. and Poss, M. and Rougee, P.},
doi = {10.1016/0749-6419(91)90005-J},
journal = {Int. J. Plast.},
pages = {65--77},
title = {{A new large time increment algorithm for anisotropic plasticity}},
volume = {7},
year = {1991}
}
@article{vandoren2013novel,
author = {Vandoren, B. and {De Proft}, K. and Simone, A. and Sluys, L.J. J.},
doi = {10.1016/j.cma.2013.06.005},
journal = {Comput. Methods Appl. Mech. Eng.},
pages = {148--162},
publisher = {Elsevier B.V.},
title = {{A novel constrained large time increment method for modelling quasi-brittle failure}},
volume = {265},
year = {2013}
}
@phdthesis{giacoma:tel-01071406,
author = {Giacoma, Anthony},
title = {{Efficient acceleration techniques for nonlinear analysis of structures with frictional contact}},
url = {https://hal.archives-ouvertes.fr/tel-01071406},
school = {{INSA de Lyon}},
year = {2014},
}
@phdthesis{bhattacharyya2018model,
author = {Bhattacharyya, Mainak},
school = {Leibniz Universit{\"{a}}t Hannover and Universit{\'{e}} Paris Saclay},
title = {{A model reduction technique in space and time for fatigue damage simulation}},
year = {2018},
url={https://tel.archives-ouvertes.fr/tel-01808371}
}
@article{bhattacharyya2019kinetic,
doi={10.1016/j.euromechsol.2019.103808},
  title={A kinetic two-scale damage model for high-cycle fatigue simulation using multi-temporal Latin framework},
  author={Bhattacharyya, M. and Fau, A. and Desmorat, R. and Alameddin, S. and N{\'e}ron, D. and Ladev{\`e}ze, P. and Nackenhorst, U.},
  journal={Eur. J. Mech. - A/Solids},
  volume={77},
  year={2019},
}
@Inbook{alameddin_book,
author="Alameddin, S. and Fau, A. and N{\'e}ron, D. and Ladev{\`e}ze, P. and Nackenhorst, U.",
title="A semi-incremental scheme for cyclic damage computations",
bookTitle="Virtual Design and Validation",
year="2020",
publisher="Springer Nature",
doi = {10.1007/978-3-030-38156-1_12}
}
@book{Holzapfel2000,
author = {Holzapfel, G},
publisher = {John Wiley {\&} Sons, Ltd},
title = {{Nonlinear solid mechanics: a continuum approach for engineering}},
year = {2000}
}
@book{zienkiewicz2006finite,
author = {Zienkiewicz, O and Morgan, K.},
publisher = {Dover publications, Inc},
title = {{Finite elements and approximation}},
year = {2006}
}
@book{de2011computational,
author = {{de Souza Neto}, E and Peric, Djordje and Owen, D},
publisher = {John Wiley {\&} Sons, Ltd},
title = {{Computational methods for plasticity: theory and applications}},
year = {2008},
doi = {10.1002/9780470694626}
}
@book{wunderlich2002mechanics,
author = {Wunderlich, Walter and Pilkey, Walter},
publisher = {CRC Press},
title = {{Mechanics of structures: variational and computational methods}},
year = {2003}
}
@article{amsallem2015fast,
author = {Amsallem, David and Zahr, M and Washabaugh, Kyle},
journal = {Adv. Comput. Math.},
pages = {1187--1230},
publisher = {Springer},
title="Fast local reduced basis updates for the efficient reduction of nonlinear systems with hyper-reduction",
doi="10.1007/s10444-015-9409-0",
volume = {41},
year = {2015}
}
@book{antoulas2005approximation,
author = {Antoulas, A},
doi={10.1137/1.9780898718713},
publisher = {SIAM},
title = {{Approximation of large-scale dynamical systems}},
volume = {6},
year = {2005}
}
@book{quarteroni2015reduced,
doi={10.1007/978-3-319-15431-2},
author={Quarteroni, Alfio and Manzoni, Andrea and Negri, Federico},
publisher = {Springer Cham},
title = {{Reduced basis methods for partial differential equations}},
year = {2015}
}
@manual{fritzen2016MOR,
author = {Fritzen, Felix},
institution = {University of Stuttgart},
publisher = {University of Stuttgart},
title = {{Lecture notes: Introduction to model order reduction of mechanical systems}},
year = {2016}
}
@article{cosimor2016comparison,
author = {Fritzen, Felix and Haasdonk, Bernhard and Ryckelynck, David and Sch{\"{o}}ps, Sebastian},
TITLE = {An Algorithmic Comparison of the Hyper-Reduction and the Discrete Empirical Interpolation Method for a Nonlinear Thermal Problem},
journal = {Math. Comput. Appl.},
VOLUME = {23},
YEAR = {2018},
DOI = {10.3390/mca23010008}
}
@book{chinesta2013proper,
author = {Chinesta, Francisco and Keunings, Roland and Leygue, Adrien},
booktitle = {SpringerBriefs Appl. Sci. Technol.},
doi = {10.1007/978-3-319-02865-1},
publisher = {Springer Cham},
series = {SpringerBriefs Appl. Sci. Technol.},
title = {{The proper generalized decomposition for advanced numerical simulations: a primer}},
year = {2014}
}
@book{cueto2016proper,
author = {Cueto, El{\'{i}}as and Gonz{\'{a}}lez, David and Alfaro, Ic{\'{i}}ar},
booktitle = {SpringerBriefs Appl. Sci. Technol.},
doi = {10.1007/978-3-319-29994-5},
publisher = {Springer Cham},
series = {SpringerBriefs Appl. Sci. Technol.},
title = {{Proper generalized decompositions: an Introduction to Computer Implementation with Matlab}},
year = {2016}
}
@book{lemaitre1994mechanics,
author = {Lemaitre, Jean and Chaboche, J},
doi = {10.1017/CBO9781139167970},
publisher = {Cambridge University Press},
title = {{Mechanics of solid materials}},
year = {1990}
}
@article{Boeing777,
title={The Boeing 777: No chainsaw massacres, please!},
author={J{\o}rgensen, Niels},
journal = {J. Integr. Des. Process Sci.},
volume={10},
pages={79--91},
year={2006},
publisher={IOS Press},
url = {http://dl.acm.org/citation.cfm?id=1374560.1374566}
}
@incollection{foll,
author = {Hull, D. and Bacon, D.J.},
booktitle = "Introduction to Dislocations",
doi = {10.1016/B978-0-08-096672-4.00001-3},
pages = {1--20},
publisher = "Elsevier",
title = {{Defects in Crystals}},
year = {2011}
}
@article{Wulff1967,
author = {Wulff, J. and Moffatt, W. G. and Pearsall, G. W. and Brophy, J. H. and Rose, R. M. and Hayden, H. W. and Shepard, L. A. and Klerer, Julius},
journal = {J. Electrochem. Soc.},
doi = {10.1149/1.2426767},
title = {{The Structure and Properties of Materials}},
volume = {114},
year = {1967}
}
@article{mendiguren2015definition,
author = {Mendiguren, Joseba and Rolfe, Bernard and Weiss, Matthias},
doi = {10.1016/j.ijmecsci.2014.12.005},
journal = {Int. J. Mech. Sci.},
pages = {109--120},
publisher = {Elsevier},
title = {{On the definition of an kinematic hardening effect graph for sheet metal forming process simulations}},
volume = {92},
year = {2015}
}
@book{lemaitre1996course,
author = {Lemaitre, Jean},
doi = {10.1007/978-3-662-02761-5},
publisher = {Springer Berlin Heidelberg},
title = {{A Course on Damage Mechanics}},
year = {1992}
}
@book{skrzypek2013modeling,
author = {Skrzypek, J and Ganczarski, A},
publisher = {Springer Berlin Heidelberg},
title = {{Modeling of material damage and failure of structures}},
year = {1999},
doi={10.1007/978-3-540-69637-7}
}
@book{cazacu2013multiscale,
author = {Cazacu, O},
publisher = {John Wiley {\&} Sons, Ltd},
title = {{Multiscale modeling of heterogenous materials: from microstructure to macro‐scale properties}},
year = {2008},
doi={10.1002/9780470611364}
}
@article{mcdowell2008viscoplasticity,
author = {McDowell, David },
doi = {10.1016/j.mser.2008.04.003},
journal = {Mater. Sci. Eng. R Reports},
pages = {67--123},
publisher = {Elsevier},
title = {{Viscoplasticity of heterogeneous metallic materials}},
volume = {62},
year = {2008}
}
@book{lubliner2008plasticity,
author = {Lubliner, J.},
publisher = {Dover publications, Inc},
title = {{Plasticity Theory}},
volume = {59},
year = {2005}
}
@manual{kelly2016,
author = {Kelly, Piaras},
publisher = {University of Auckland},
title = {{Lecture notes: Engineering solid mechanics}},
url = {http://homepages.engineering.auckland.ac.nz/~pkel015/SolidMechanicsBooks/index.html},
year = {2019}
}
@article{celigoj1998finite,
author = {Celigoj, Christian},
journal = {Int. J. Numer. Methods Eng.},
pages = {1025--1043},
title = {Finite deformation coupled thermomechanical problems and generalized standard materials},
volume = {42},
year = {1998},
doi = {10.1002/(SICI)1097-0207(19980730)42:6<1025::AID-NME397>3.0.CO;2-I},
}
@article{Bodoville2001b,
author = {Bodovill{\'{e}}, Guillaume},
doi = {10.1023/A:1013902908951},
journal = {Meccanica},
pages = {273--290},
publisher = {Springer},
title = {{On generalised and implicit normality hypotheses}},
volume = {36},
year = {2001}
}
@article{halphen1975materiaux,
author = {Halphen, B and Nguyen, Q},
journal = {J. M{\'{e}}canique},
pages = {39--63},
title = {{Sur les mat{\'{e}}riaux standards g{\'{e}}n{\'{e}}ralis{\'{e}}s}},
volume = {14},
year = {1975},
url={https://hal.archives-ouvertes.fr/hal-00105514}
}
@article{hackl1997generalized,
author = {Hackl, Klaus},
doi = {10.1016/S0022-5096(96)00110-X},
journal = {J. Mech. Phys. Solids},
pages = {667--688},
publisher = {Elsevier},
title = {{Generalized standard media and variational principles in classical and finite strain elastoplasticity}},
volume = {45},
year = {1997}
}
@incollection{mielke2006mathematical,
author = {Mielke, Alexander},
booktitle = {Lect. Notes Appl. Comput. Mech.},
doi = {10.1007/978-3-540-34961-7_12},
pages = {399--428},
publisher = {Springer Berlin Heidelberg},
title = {{A mathematical framework for generalized standard materials in the rate-independent case}},
volume = {28},
year = {2006}
}
@book{germain1975cours,
author = {Germain, Paul},
publisher = {Elsevier Masson},
title = {{Cours de M{\'{e}}canique des Milieux Continus}},
url = {https://books.google.de/books?id=uQ4ZAQAAIAAJ},
year = {1973}
}
@article{onat1986representation,
author={Onat, ET and Leckie, FA},
journal = {J. Appl. Mech.},
title={Representation of mechanical behavior in the presence of changing internal structure},
volume={55},
pages={1--10},
year={1988},
doi={10.1115/1.3173630}
}
@article{onat1986representation2,
title = "Representation of mechanical behavior in the presence of internal damage",
journal = {Eng. Fract. Mech.},
volume = "25",
pages = "605 - 614",
year = "1986",
doi = "10.1016/0013-7944(86)90026-3",
author = " Onat, ET",
}
@book{besson2009non,
author = {Besson, Jacques and Forest, Samuel and Cailletaud, Georges and Bl{\'{e}}try, Marc and Chaboche, Jean Louis},
doi = {10.1007/978-90-481-3356-7_1},
publisher = {Springer Dordrecht},
series = {Solid Mechanics and Its Applications},
title = {{Non-linear mechanics of materials}},
volume = {167},
year = {2010}
}
@article{suquet2014elasto,
author = {Suquet, P. and Lahellec, N.},
doi = {10.1016/j.piutam.2014.01.021},
journal = {Procedia IUTAM},
pages = {247--262},
publisher = {Elsevier},
title = {{Elasto-plasticity of heterogeneous materials at different scales}},
volume = {10},
year = {2014}
}
@article{chaboche1989unified,
author = {Chaboche, J. and Nouailhas, D.},
doi = {10.1115/1.3226490},
journal = {J. Eng. Mater. Technol.},
publisher = {American Society of Mechanical Engineers},
title = {{A Unified Constitutive Model for Cyclic Viscoplasticity and Its Applications to Various Stainless Steels}},
volume = {111},
year = {1989}
}
@article{fatemi1998cumulative,
author = {Fatemi, A. and Yang, L.},
doi = {10.1016/S0142-1123(97)00081-9},
journal = {Int. J. Fatigue},
pages = {9--34},
publisher = {Elsevier},
title = {{Cumulative fatigue damage and life prediction theories: A survey of the state of the art for homogeneous materials}},
volume = {20},
year = {1998}
}
@article{fleck1984fatigue,
author = {Fleck, N. and Smith, R. },
doi = {10.1016/0142-1123(84)90050-1},
journal = {Int. J. Fatigue},
pages = {203--210},
publisher = {Elsevier},
title = {{Fatigue life prediction of a structural steel under service loading}},
volume = {6},
year = {1984}
}
@book{steinke2015finite,
author = {Steinke, Peter},
doi = {10.1007/978-3-642-53937-4},
publisher = {Springer Berlin Heidelberg},
title = {{Finite-Elemente-Methode}},
year = {2015}
}
@article{felippa1996recent,
author = {Felippa, C.},
doi = {10.1007/BF00369934},
journal = {Comput. Mech.},
pages = {159--174},
publisher = {Springer},
title = {{Recent developments in parametrized variational principles for mechanics}},
volume = {18},
year = {1996}
}
@article{Ladeveze2000bduality,
author = {Ladev{\`{e}}ze, Pierre and Perego, Umberto},
doi = {10.1016/S0045-7825(99)00310-2},
journal = {Comput. Methods Appl. Mech. Eng.},
pages = {205--232},
publisher = {Elsevier},
title = {{Duality preserving discretization of the large time increment methods}},
volume = {189},
year = {2000}
}
@article{gellin1988nonlinear,
author = {Gellin, Slade and Pitarresi, James},
doi = {10.1016/0264-682X(88)90002-0},
journal = {Eng. Anal.},
pages = {126--132},
publisher = {Elsevier},
title = {{Nonlinear analysis using temporal finite elements}},
volume = {5},
year = {1988}
}
@article{allix2002new,
author = {Allix, Olivier and Vidal, Philippe},
doi = {10.1016/S0045-7825(02)00211-6},
journal = {Comput. Methods Appl. Mech. Eng.},
pages = {2727--2758},
publisher = {Elsevier},
title = {{A new multi-solution approach suitable for structural identification problems}},
volume = {191},
year = {2002}
}
@inbook{cline2006computatio,
author = {Cline, Alan and Dhillon, Inderjit},
booktitle = {Handbook of Linear Algebra},
publisher = {CRC Press},
title = {{Computation of the Singular Value Decomposition}},
year = {2006},
url={https://www.semanticscholar.org/paper/45-Computation-of-the-Singular-Value-Decomposition-Cline-Dhillon/e052daf0eff5c6eae536e9fc63da6a653c51e82e}
}
@article{ElHalabi2016a,
author = {{El Halabi}, F. and Gonz{\'{a}}lez, D. and Sanz-Herrera, J. A. and Doblar{\'{e}}, M.},
doi = {10.1016/j.cma.2016.03.039},
journal = {Comput. Methods Appl. Mech. Eng.},
pages = {806--826},
title = {{A PGD-based multiscale formulation for non-linear solid mechanics under small deformations}},
volume = {305},
year = {2016}
}
@article{ryckelynck2002reduction,
author = {Ryckelynck, David},
doi = {10.1016/S1631-0721(02)01487-0},
journal = {CR. M{\'{e}}canique},
pages = {499--505},
publisher = {Elsevier Masson},
title = {{R{\'{e}}duction a priori de mod{\`{e}}les thermom{\'{e}}caniques}},
volume = {330},
year = {2002}
}
@article{Giacoma2016,
author = {Giacoma, Anthony and Dureisseix, David and Gravouil, Anthony},
doi = {10.1186/s40323-016-0067-7},
journal = {Adv. Model. Simul. Eng. Sci.},
publisher = {Springer International Publishing},
title = {{An efficient quasi-optimal space-time PGD application to frictional contact mechanics}},
volume = {3},
year = {2016}
}
@book{Golub_VanLoan_1996,
author = {Golub, G and {Van Loan}, C},
publisher = {Johns Hopkins University Press},
title = {{Matrix Computations}},
year = {1996}
}
@article{Bach_Ceglia_2018,
author = {Bach, C. and Ceglia, D. and Song, L. and Duddeck, F.},
doi = {10.1002/nme.6009},
journal = {Int. J. Numer. Methods Eng.},
title = {{Randomized low‐rank approximation methods for projection‐based model order reduction of large nonlinear dynamical problems}},
volume = {118},
pages = {209-241},
year = {2019}
}
@article{halko2011finding,
author = {Halko, Nathan and Martinsson, P. G. and Tropp, Joel A.},
doi = {10.1137/090771806},
journal = {SIAM Rev.},
pages = {217--288},
publisher = {SIAM},
title = {{Finding structure with randomness: probabilistic algorithms for constructing approximate matrix decompositions}},
volume = {53},
year = {2011}
}
@book{Bebendorf2008,
author = {Bebendorf, Mario},
doi = {10.1007/978-3-540-77147-0},
title = {{Hierarchical matrices: a means to efficiently solve elliptic boundary value problems}},
year = {2008},
publisher = {Springer Berlin Heidelberg},
}
@article{Eckart1936,
author = {Eckart, Carl and Young, Gale},
doi = {10.1007/BF02288367},
journal = {Psychometrika},
pages = {211--218},
title = {{The approximation of one matrix by another of lower rank}},
volume = {1},
year = {1936}
}
@article{ladeveze1989large,
author = {Ladev{\`{e}}ze, P},
journal = {CR. Acad. Sci.},
pages = {1095--1099},
title={La m{\'e}thode {\`a} grand incr{\'e}ment de temps pour l'analyse de structures {\`a} comportement non lin{\'e}aire d{\'e}crit par variables internes},
volume = {309},
year = {1989},
}
@book{theodoridis,
author = {Theodoridis, Sergios},
publisher = {Elsevier},
doi = {10.1016/C2013-0-19102-7},
title = {{Machine learning: a bayesian and optimization perspective}},
year = {2015}
}
@book{Patera2006,
author = {Patera, A. and Rozza, G.},
publisher = {MIT Pappalardo Graduate Monographs in Mechanical
Engineering},
title = {{Reduced basis approximation and a posteriori error estimation for parametrized partial differential equations}},
url={https://www.igpm.rwth-aachen.de/Download/ss19/MOR/PateraRozza_RB_Book.pdf},
year = {2006}
}
@book{Kreyszig2013,
author = {Kreyszig, Erwin},
publisher = {John Wiley {\&} Sons, Ltd},
title = {{Introductory functional analysis with applications}},
year = {1989}
}
@book{jackson2005user,
author = {Jackson, J},
publisher = {John Wiley {\&} Sons, Ltd},
title = {{A User's Guide to Principal Components}},
doi = {10.1002/0471725331},
year = {1991}
}
@book{Bishop2006,
author = {Bishop, Christopher},
title = {{Pattern Recognition and Machine Learning}},
publisher = {Springer New York},
year = {2006},
url={https://www.springer.com/gp/book/9780387310732}
}
@book{zienkiewicz2014finite,
	title={The finite element method for solid and structural mechanics},
	author={Zienkiewicz, Olek and Taylor, Robert and Fox, David},
	year={2014},
	doi={10.1016/C2009-0-26332-X},
	publisher={Elsevier}
}

@article{mendoncca2019model,
	title={Model order reduction in aerodynamics: review and applications},
	author={Mendon{\c{c}}a, Gon{\c{c}}alo and Afonso, Frederico and Lau, Fernando},
	journal={Proc. Inst. Mech. Eng. G},
	doi = {10.1177/0954410019853472},
	year={2019},
}

@article{leuschner2015potential,
	title={Potential-based constitutive models for cohesive interfaces: Theory, implementation and examples},
	author={Leuschner, M and Fritzen, F and van Dommelen, JAW and Hoefnagels, JPM},
	journal={Compos. Part B-eng.},
	doi={10.1016/j.compositesb.2014.08.024},
	volume={68},
	pages={38--50},
	year={2015},
	publisher={Elsevier}
}

@masterthesis{mscalameddin,
author = {Alameddin, Shadi},
school = {University of Stuttgart},
Note = {MSc thesis. University of Stuttgart},
title = {{Data-driven acceleration of nonlinear reduced order models}},
year = {2016},
}
@article{ryckelynck2011robust,
	title={A robust adaptive model reduction method for damage simulations},
	author={Ryckelynck, David and Benziane, D and Cartel, Sophie and Besson, Jacques},
	journal={Computational Materials Science},
	volume={50},
	doi={10.1016/j.commatsci.2010.11.034},
	pages={1597--1605},
	year={2011},
	publisher={Elsevier}
}